@techreport{Chapman2005,
author = {Chapman, Arthur D.},
file = {:C$\backslash$:/Users/tomer/AppData/Local/Mendeley Ltd./Mendeley Desktop/Downloaded/Chapman - 2005 - Principles of data quality, version 1.0.pdf:pdf},
institution = {GBIF},
pages = {61},
publisher = {Global Biodiversity Information Facility, Copenhagen},
title = {{Principles of data quality, version 1.0}},
year = {2005}
}
